<record><leader>00000cas a22000007a 4500</leader><controlfield tag="001">15001160</controlfield><controlfield tag="008">861222d19481971inuwr ne      0    0eng d</controlfield><datafield ind1=" " ind2=" " tag="010"><subfield code="a">sn 86059122 </subfield></datafield><datafield ind1=" " ind2=" " tag="040"><subfield code="a">NPI</subfield><subfield code="b">eng</subfield><subfield code="c">NPI</subfield><subfield code="d">OCLCQ</subfield></datafield><datafield ind1=" " ind2=" " tag="042"><subfield code="a">msc</subfield></datafield><datafield ind1="0" ind2=" " tag="130"><subfield code="a">Jasper County news (Rensselaer, Ind.)</subfield></datafield><datafield ind1="1" ind2="4" tag="245"><subfield code="a">The Jasper County news.</subfield></datafield><datafield ind1=" " ind2=" " tag="260"><subfield code="a">Rensselaer, Jasper County, Ind. :</subfield><subfield code="b">Kurtz &amp; Son,</subfield><subfield code="c">-1971.</subfield></datafield><datafield ind1=" " ind2=" " tag="310"><subfield code="a">Weekly,</subfield><subfield code="b">&lt;Aug. 30, 1956&gt;</subfield></datafield><datafield ind1=" " ind2=" " tag="321"><subfield code="a">Semiweekly,</subfield><subfield code="b">&lt;Jan. 13, 1948-June 30, 1950&gt;</subfield></datafield><datafield ind1="1" ind2=" " tag="362"><subfield code="a">Began with Jan. 2, 1948 issue.</subfield></datafield><datafield ind1="0" ind2=" " tag="362"><subfield code="a">-v. 73, no. 19 (July 27, 1971).</subfield></datafield><datafield ind1=" " ind2=" " tag="588"><subfield code="a">Description based on: Vol. 50, no. 68 (Jan. 13, 1948).</subfield></datafield><datafield ind1=" " ind2=" " tag="752"><subfield code="a">United States</subfield><subfield code="b">Indiana</subfield><subfield code="c">Jasper</subfield><subfield code="d">Rensselaer.</subfield></datafield><datafield ind1="0" ind2="0" tag="780"><subfield code="t">Jasper County Democrat</subfield><subfield code="w">(DLC)sn 86059123</subfield></datafield><datafield ind1="0" ind2="7" tag="785"><subfield code="t">Kankakee Valley post</subfield><subfield code="w">(DLC)sn 86059121</subfield></datafield><datafield ind1="0" ind2="7" tag="785"><subfield code="t">Kankakee Valley post-news</subfield><subfield code="w">(DLC)sn 86059130</subfield></datafield></record>